@article{Newcomb1881,
author = {Newcomb, Simon},
issn = {0037-5497},
journal = {American Journal ofMathematics},
number = {1},
pages = {39--40},
title = {{Note on the Frequency of Use of the Different Digits in Natural Numbers}},
volume = {4},
year = {1881}
}

@inproceedings{Benford1938,
author = {Benford, Frank},
booktitle = {Proceedings of the American Philosophical Society},
file = {:Users/pamphileroy/Documents/Litterature/1938/Benford/Benford - The Law of Anomalous Numbers - 1938.pdf:pdf},
number = {4},
pages = {551--572},
title = {{The Law of Anomalous Numbers}},
volume = {78},
year = {1938}
}

@article{Lesperance2016,
author = {Lesperance, M. and Reed, W. J. and Stephens, M. A. and Tsao, C. and Wilton, B.},
doi = {10.1371/journal.pone.0151235},
issn = {19326203},
journal = {PLoS ONE},
number = {3},
pages = {1--20},
pmid = {27018999},
title = {{Assessing conformance with Benford's law: Goodness-of-fit tests and simultaneous confidence intervals}},
volume = {11},
year = {2016}
}

@article{Hill1995,
author = {Hill, Theodore P.},
journal = {Statistical Science},
pages = {354--363},
number = {4},
title = {{A statistical derivation of the significant-digit law Statistical Science}},
volume = {10},
year = {1995}
}

@article{Hill1995a,
author = {Hill, Theodore P.},
doi = {10.2307/2974952},
journal = {The American Mathematical Monthly},
number = {4},
pages = {322--327},
title = {{The Significant Digit Phenomenon}},
volume = {102},
year = {1995}
}

@inproceedings{Joenssen2013,
author = {Joenssen, Dieter W.},
booktitle = {Proceedings of the 59th World Statistics Congress of the International Statistical},
file = {:Users/pamphileroy/Documents/Litterature/2013/Joenssen/Joenssen - Two Digit Testing for Benford's Law - 2013.pdf:pdf},
pages = {3881--3886},
title = {{Two Digit Testing for Benford's Law}},
year = {2013}
}

@article{Sacks1989,
author = {Sacks, Jerome and Welch, Williams J. and Mitchell, Toby J. and Wynn, Henry P.},
doi = {10.1214/ss/1177012413},
journal = {Statistical Science},
month = {nov},
number = {4},
pages = {409--423},
title = {{Design and Analysis of Computer Experiments}},
volume = {4},
year = {1989}
}

@article{Sobol1967,
author = {Sobol', I. M.},
doi = {10.1016/0041-5553(67)90144-9},
journal = {USSR Computational Mathematics and Mathematical Physics},
number = {4},
pages = {86--112},
pmid = {4925774259},
title = {{On the distribution of points in a cube and the approximate evaluation of integrals}},
volume = {7},
year = {1967}
}

@book{Fang2006,
annote = {Wrap arround Discrepancy error},
author = {Fang, Kai-Tai and Li, R Z and Sudjianto, A},
editor = {Lafferty, John and Madigan, David and Murtagh, Fionn and Smyth, Padhraic},
pages = {290},
publisher = {Chapman {\&} Hall/CRC},
title = {{Design and modeling for computer experiments}},
year = {2006}
}

@article{Androulakis2016,
author = {Androulakis, E. and Drosou, K. and Koukouvinos, C. and Zhou, Y. D.},
doi = {10.1080/03610926.2014.966843},
journal = {Communications in Statistics - Theory and Methods},
number = {13},
pages = {3782--3806},
title = {{Measures of uniformity in experimental designs: A selective overview}},
volume = {45},
year = {2016}
}

@article{Damblin2013,
author = {Damblin, Guillaume and Couplet, Mathieu and Iooss, Bertrand and Damblin, Guillaume and Couplet, Mathieu and Iooss, Bertrand},
journal = {Journal of Simulation},
pages = {276--289},
title = {{Numerical studies of space filling designs : optimization of Latin Hypercube Samples and subprojection properties}},
year = {2013}
}

@article{Kucherenko2015,
arxivId = {1505.02350},
author = {Kucherenko, Sergei and Albrecht, Daniel and Saltelli, Andrea},
eprint = {1505.02350},
journal = {The 8th IMACS Seminar on Monte Carlo Methods},
month = {may},
pages = {1--32},
pmid = {1000314766},
title = {{Exploring multi-dimensional spaces: a Comparison of Latin Hypercube and Quasi Monte Carlo Sampling Techniques}},
year = {2015}
}

